@book{rika-nenpyo,
  author    = {国立天文台},
  publisher = {丸善出版},
  title     = {理科年表 平成29年},
  year      = {2016}
}
